<mx:record xmlns="http://www.w3.org/TR/xhtml1/strict" xmlns:mx="http://www.loc.gov/MARC21/slim" xmlns:xsi="http://www.w3.org/2001/XMLSchema-instance"><mx:leader>00000cz   2200000n  0000</mx:leader><mx:controlfield tag="001">oca00096242 </mx:controlfield><mx:controlfield tag="005">20060912164825.0</mx:controlfield><mx:controlfield tag="008">810217n| acannaab           |a aaa      </mx:controlfield><mx:datafield ind1=" " ind2=" " tag="010"><mx:subfield code="a">n  50061829</mx:subfield></mx:datafield><mx:datafield ind1=" " ind2=" " tag="040"><mx:subfield code="a">DLC</mx:subfield><mx:subfield code="c">DLC</mx:subfield><mx:subfield code="d">DLC</mx:subfield></mx:datafield><mx:datafield ind1="0" ind2=" " tag="100"><mx:subfield code="a">Zeno,</mx:subfield><mx:subfield code="c">the Stoic</mx:subfield></mx:datafield><mx:datafield ind1="0" ind2=" " tag="400"><mx:subfield code="a">Zenon,</mx:subfield><mx:subfield code="c">the Stoic</mx:subfield></mx:datafield><mx:datafield ind1="0" ind2=" " tag="400"><mx:subfield code="a">Zenon,</mx:subfield><mx:subfield code="c">von Kition</mx:subfield></mx:datafield><mx:datafield ind1="0" ind2=" " tag="400"><mx:subfield code="w">nna</mx:subfield><mx:subfield code="a">Zeno,</mx:subfield><mx:subfield code="c">of Citium</mx:subfield></mx:datafield><mx:datafield ind1="0" ind2=" " tag="400"><mx:subfield code="a">Zeno,</mx:subfield><mx:subfield code="c">the Phoenician</mx:subfield></mx:datafield><mx:datafield ind1="0" ind2=" " tag="400"><mx:subfield code="a">Zēnōn,</mx:subfield><mx:subfield code="c">ho Kitieus</mx:subfield></mx:datafield><mx:datafield ind1=" " ind2=" " tag="670"><mx:subfield code="a">Hovhannisyan, H.A. Zenoni Imastasiri Haghags bnutʻean ...  1978:</mx:subfield><mx:subfield code="b">t.p. (Zenoni Imastasiri) added t.p. (Zenon [in rom.])</mx:subfield></mx:datafield><mx:datafield ind1=" " ind2=" " tag="670"><mx:subfield code="a">Acad. Amer. enc., c1989</mx:subfield><mx:subfield code="b">(Zeno of Citium, b. Citium, Cyprus, c. 336 BC, d. c. 261 BC, founder of Stoicism)</mx:subfield></mx:datafield><mx:datafield ind1=" " ind2=" " tag="670"><mx:subfield code="a">Enc. Amer., c1975</mx:subfield><mx:subfield code="b">(Zeno of Citium, Greek philosopher, b. Citium, Cyprus, c. 335 B.C., d. Athens, Greece, c. 263 B.C., his system was named Stoicism)</mx:subfield></mx:datafield><mx:datafield ind1=" " ind2=" " tag="670"><mx:subfield code="a">Enc. Brit., c1972</mx:subfield><mx:subfield code="b">(Zeno the Stoic, c. 334-262/261 B.C., sometimes also called Zeno the Phoenician, founder of the Stoic philosophy, native of Citium, Cyprus)</mx:subfield></mx:datafield><mx:datafield ind1=" " ind2=" " tag="670"><mx:subfield code="a">Archaia Kypriakē grammateia, 1999- :</mx:subfield><mx:subfield code="b">v. 5, t.p. (Zēnōn ho Kitieus) p. 37 (Zenon von Kition)</mx:subfield></mx:datafield><mx:datafield ind1=" " ind2=" " tag="999"><mx:subfield code="a">3742</mx:subfield></mx:datafield></mx:record>